@article{sskk09,
	title={Innovative retail laboratory},
	author={Spassova, L. and Schöning, J. and Kahl, G. and Krüger, A.},
	journal={Roots for the Future of Ambient Intelligence. European Conference on Ambient Intelligence (AmI-2009), oA, Salzburg, Austria (November 2009)},
	year={2009},
}

@article{arfhhm08,
	author = {Arens, Andreas and Rösch, Norbert and Feidert, Frank and
			Harpes, Patrick and Herbst, Ralf and Mösges, Ralph},
	title = {Mobile electronic patient diaries with barcode based food
	identification for the treatment of food allergies},
	journal = {GMS Med Inform Biom Epidemiol},
	volume = 4,
	number = 3,
	pages = {Doc14},
	year = {2008},
}

@mastersthesis{bre07,
	author = {Anke Bretz},
	title = {RFID als Technik für Mobile Health bei
			Lebensmittelallergikern},
	school = {Universität Koblenz-Landau},
	year = {2007}
}

@article{dam64,
	author = {Damerau, Fred J.},
	title = {A technique for computer detection and correction of
			 spelling errors},
	journal = {Commun. ACM},
	issue_date = {March 1964},
	volume = {7},
	number = {3},
	month = mar,
	year = {1964},
	issn = {0001-0782},
	pages = {171--176},
	numpages = {6},
	url = {http://doi.acm.org/10.1145/363958.363994},
	doi = {10.1145/363958.363994},
	acmid = {363994},
	publisher = {ACM},
	address = {New York, NY, USA}
}

% Weblinks

@misc{barcoo,
	author = {checkitmobile GmbH},
	title = {Barcoo},
	howpublished = {\url{http://www.barcoo.com/} \last}
}

@misc{did,
	author = {snoopmedia GmbH},
	title = {das-ist-drin},
	howpublished = {\url{http://das-ist-drin.de/} \last}
}
