% https://en.wikibooks.org/wiki/LaTeX/Bibliography_Management

@book{lux20,
	author = "Rosa Luxemburg",
	title = "{Briefe aus dem {G}efängnis}",
	publisher = "{Verlag der Jugend-Internationale für Deutschland, Berlin}",
	year = "1920",
	note =
			"{\url{http://archive.org/stream/briefeausdemgef00luxeuoft#page/38/mode/2up}
\last}"
}

@book{cam06,
	author = "{T. Colin Campbell, Thomas M. Campbell II}",
	title = "The China Study",
	publisher = "BenBella Books",
	year = "2006"
}

@book{hau35,
	author = "Johannes Hausleiter",
	title = "Der Vegetarismus in der Antike",
	publisher = "{Verlag von Alfred Töpelmann}",
	year = "1935",
	note =
			"{\url{http://archive.org/details/DerVegetarismusInDerAntike}
\last}"
}

@book{iat07,
	author = "{Interdisziplin"are Arbeitsgemeinschaft Tierethik}",
	title = "{Tierrechte}",
	publisher = "Harald Fischer Verlag",
	year = "2007"
}

@article{wat44,
	title={The Vegan News},
	author={Donald Watson},
	journal={The {V}egan {N}ews},
	year={1944},
	note = {\url{http://www.vegansociety.com/uploadedFiles/About_The_Society/Publications/The_Vegan_magazine/Feature_Articles/1944-news.pdf}
\last}
}

@book{bre05,
	author = {Wilfried Breyvogel},
	title = {Eine {E}inführung in {J}ugendkulturen. {V}eganismus und
			{T}attoos},
	publisher = {V.S. Verlag für Sozialwissenschaften},
	year = {2005}
}

@book{jae12,
	author="Friedrich Jaeger",
	title="Enzyklopädie der Neuzeit",
	publisher="Kulturwissenschaftliches Institut Essen",
	year="2012"
}

@article{eng00,
	author={Mylan Engel},
	title={The Immorality of Eating Meat},
	journal={The Moral Life: An Introductory Reader in Ethics and
			Literature},
	year={2000},
	note={\url{http://www.uta.edu/philosophy/faculty/burgess-jackson/Engel,%20The%20Immorality%20of%20Eating%20Meat%20(2000).pdf}
	\last}
}

@article{eng06,
	author={Mylan Engel},
	title={Tierethik, {T}ierrechte und moralische {I}ntegrität},
	journal={Tierrechte - eine interdisziplinäre Herausforderung},
	year={2006}
}

@article{ryd10,
	author={Richard D Ryder},
	title={Speciesism Again: the original leaflet},
	journal={Critical {S}ociety},
	volume={2},
	year={Spring 2010},
	note={\url{http://www.criticalsocietyjournal.org.uk/Archives_files/1.%20Speciesism%20Again.pdf}
	\last}
}

@article{sskk09,
	title={Innovative retail laboratory},
	author={Spassova, L. and Schöning, J. and Kahl, G. and Krüger, A.},
	journal={Roots for the Future of Ambient Intelligence. European Conference on Ambient Intelligence (AmI-2009), oA, Salzburg, Austria (November 2009)},
	year={2009},
	note =
			"{\url{http://citeseerx.ist.psu.edu/viewdoc/download?doi=10.1.1.187.2453&rep=rep1&type=pdf}
\last}"
}

@misc{barcode,
	author = "{Sint Rolf, Elkahattaf Mohammed, Gasperi Christian, Z"odl Christian}",
	title = "Arten von {B}arcodes",
	howpublished =
			"{\url{http://www.cosy.sbg.ac.at/~held/teaching/wiss_arbeiten/slides_02/barcodes.pdf}
\last}"
}

@misc{healthy,
	author = "Johannes Schrefl",
	title = "{``is this {H}ealthy?'' - vom {B}arcode zu
			gesundheitsrelevanten {D}aten am {H}andy}",
	howpublished =
			"{\url{http://healthy4u.tk/home/isThisHealthyLimitedVersion.pdf}
\last}"
}

@misc{openid2,
	author = "{David Recordon, Drummond Reed}",
	title = "Open{ID} 2.0: {A} {P}latform for {U}ser-{C}entric {I}dentity
	{M}anagement",
	howpublished = "{\url{https://dl.acm.org/citation.cfm?id=1179532}
\last}"
}

@misc{dlph10,
	author = {De La Puente, Xose R. and Hasan, Ismael},
	title = {m{OCR}a: {M}obile {OCR} {A}pplication},
	year = 2010,
	howpublished = {\url{http://labs.brainsins.com/events/pln-e/wp-content/uploads/2010/06/mOCRaWorkshop.pdf} \last}
}

@misc{shs11,
	author = {Sears, Leslie and Hashemi, Ray and Smith, Mark},
	title = {Optical {C}haracter {R}ecognition of {N}on-flat {S}mall
			{D}ocuments
			{U}sing {A}ndroid: {A} {C}ase {S}tudy},
	year = 2011,
	howpublished =
	{\url{http://world-comp.org/p2011/IKE5081.pdf} \last}
}

@article{kac12,
	author = {Kwon, Soon-kak and An, Hyun-jun and Choi, Young-hwan},
	title = {Character {R}ecognition {S}ystem {B}ased {O}n {A}ndroid
			{S}mart
			{P}hone},
	year = {2012},
	month = {11-12},
	volume = {2},
	number = {6},
	pages = {4091-4093},
	journal = {International Journal of Modern Engineering Research},
	note = {\url{http://www.ijmer.com/papers/Vol2_Issue6/AT2640914093.pdf} \last}
}

@article{arfhhm08,
	author = {Arens, Andreas and Rösch, Norbert and Feidert, Frank and
			Harpes, Patrick and Herbst, Ralf and Mösges, Ralph},
	title = {Mobile electronic patient diaries with barcode based food
	identification for the treatment of food allergies},
	journal = {GMS Med Inform Biom Epidemiol},
	volume = 4,
	number = 3,
	year = {2008},
	note =
	{\url{http://www.egms.de/static/de/journals/mibe/2008-4/mibe000073.shtml} \last}
}
%pages = {Doc14},

@article{ahsr07,
	title={1{D} {B}arcode {E}rkennung auf {M}obiltelefonen mit eingebauter
			{K}amera zur automatischen {E}rkennung von {L}ebensmitteln
			für das {MENSSANA} {P}rojekt},
	author={Arens, Andreas and Herbst, Ralf and Schneider, Georg J and
			Rösch, Norbert},
	year={2007},
	note =
	{\url{http://www.jede-menge-zukunft.de/fileadmin/groups/12/Personen/Professoren/Schneider/papers/1D-Barcode_Erkennung.pdf} \last}
}

@mastersthesis{bre07,
	author = {Anke Bretz},
	title = {{RFID} als {T}echnik für {M}obile {H}ealth bei
			{L}ebensmittelallergikern},
	school = {Universität Koblenz-Landau},
	year = {2007},
	note = {\url{http://kola.opus.hbz-nrw.de/volltexte/2007/180/pdf/Diplomarbeit-RFID_Lebensmittelallergie.pdf}
\last}
}

@article{bdpv11,
	author = {Bertoni, Guido and Daemen, Joan and Peeters, Michaël and
			Van Assche, Gilles},
	title = {The {K}eccak {SHA}-3 submission},
	month = {1},
	year = {2011},
	note = {\url{http://keccak.noekeon.org/Keccak-submission-3.pdf} \last}
}

@conference{rta13,
	author = {Rednic, Emanuil and Toma, Andrei and Apostu, Anca},
	title = "Organize {D}istributed work environments in a game-like
			fashion",
	booktitle = "Recent {A}dvances in {K}nowledge {E}ngineering and
			{S}ystems {S}cience",
	year = 2013,
	note =
	"\url{http://www.wseas.us/e-library/conferences/2013/CambridgeUK/AISE/AISE-34.pdf}
	\last"
}

@conference{chi:gamification-1,
	author = "Deterding, S. and Sicart, M. and Nacke L. and O'Hara, K.
			and Dixon, D.",
	title = "Gamification: {U}sing {G}ame {D}esign {E}lements in
	{N}on-{G}ame {C}ontexts",
	booktitle = "{CHI} 2011 {W}orkshop {G}amification",
	year = "2011",
	note =
	"\url{http://gamification-research.org/wp-content/uploads/2011/04/CHI_2011_Gamification_Workshop.pdf}
	\last"
}

@conference{chi:gamification-2,
	author = "Deterding, S. and Khaled, R. and Nacke L. and Dixon, D.",
	title = "Gamification: {T}oward a {D}efinition",
	booktitle = "{CHI} 2011 {W}orkshop {G}amification",
	year = "2011",
	note =
	"\url{http://gamification-research.org/wp-content/uploads/2011/04/CHI_2011_Gamification_Workshop.pdf}
	\last"
}

@mastersthesis{sander11,
	author = {Robert Sander},
	title = {Gamifizierung},
	school = {Köln International School of Design},
	year = "2011",
	note =
			"\url{http://www.robertsander.de/wp-content/uploads/2012/11/11050980_d_nt2.pdf}
\last"
}
