% https://en.wikibooks.org/wiki/LaTeX/Bibliography_Management
% https://forums.zotero.org/discussion/19721/
% http://tex.stackexchange.com/questions/10772/bibtex-loses-capitals-when-creating-bbl-file
@misc{foodwatch,
	author = {Foodwatch},
	title = {Wo {V}alensina, {R}itter, funny-frisch {T}iere verstecken},
	howpublished = {\url{https://www.foodwatch.org/de/informieren/versteckte-tiere/mehr-zum-thema/vegetarismus-veganismus-kennzeichnung/} \last}
}

@misc{bnn,
	author = {{BNN Herstellung \& Handel e.\,V.}},
	title = {Volldeklaration im {N}aturkosthandel},
	howpublished =
	{\url{http://www.n-bnn.de/qualit%C3%A4tsarbeit/volldeklaration-im-naturkosthandel}
	\last}
}

@misc{fairtrade,
	author = {{TransFair - Verein zur Förderung des Fairen Handels mit
			der ``Dritten Welt'' e.\,V.}},
	title = {Was ist {F}airtrade?},
	howpublished =
	{\url{http://www.fairtrade-deutschland.de/ueber-fairtrade/was-ist-fairtrade/} \last}
}

% http://tex.stackexchange.com/questions/57743/how-to-write-a-and-other-umlauts-and-accented-letters-in-bibliography
@misc{agt,
	author = {{{\"A}rzte gegen Tierversuche e.\,V.}},
	title = {Warum wir {T}ierversuche ablehnen},
	howpublished =
	{\url{http://www.aerzte-gegen-tierversuche.de/infos/allgemein/518} \last}
}

@misc{cc:cc0,
	author = {{Creative Commons}},
	title = {{CC0}: {P}ublic {D}omain {D}edication},
	howpublished =
	{\url{https://creativecommons.org/publicdomain/zero/1.0/deed.de} \last}
}

@misc{cc:bync,
	author = {{Creative Commons}},
	title = {Namensnennung -- {N}icht-kommerziell -- 3.0 {U}nported},
	howpublished =
	{\url{http://creativecommons.org/licenses/by-nc/3.0/deed.de} \last}
}

@misc{cc:bysa,
	author = {{Creative Commons}},
	title = {Namensnennung -- {W}eitergabe unter gleichen
			{B}edingungen -- 3.0 {U}nported},
	howpublished =
	{\url{http://creativecommons.org/licenses/by-sa/3.0/deed.de} \last}
}

@misc{gplv3,
  author = {{Free Software Foundation (FSF)}},
  title = {{The GNU General Public License v3.0}},
  howpublished = {\url{https://www.gnu.org/licenses/gpl-3.0.html} \last}
}

@misc{github:tohn,
	author = {Github},
	title = {tohn},
	howpublished = {\url{https://github.com/tohn} \last}
}

@misc{yh:bachelor,
	author = {Haupenthal, Yannic},
	title = {Bachelor thesis},
	howpublished = {\url{http://yhaupenthal.org/bachelor.htm}
			\last}
}

@misc{yh:dump,
	author = {Haupenthal, Yannic},
	title = {Dump der {D}atenbank},
	howpublished = {\url{http://dump.yava.yhaupenthal.org} \last}
}

@misc{yh:yava,
	author = {Haupenthal, Yannic},
	title = {{YAVA: {Y}et {A}nother {V}egan {A}pp}},
	howpublished = {\url{http://yava.yhaupenthal.org} \last}
}

@misc{scilogs,
	author = {Stefanowitsch, Anatol},
	title = {Frauen natürlich ausgenommen},
	howpublished =
	{\url{http://www.scilogs.de/wblogs/blog/sprachlog/sprachstruktur/2011-12-14/frauen-natuerlich-ausgenommen} \last}
}

@misc{ccctv,
	author = {CCC},
	title = {Sprache, {U}ngleichheit und {U}nfreiheit},
	howpublished =
	{\url{http://media.ccc.de/browse/congress/2012/29c3-5336-de-en-sprache_ungleichheit_unfreiheit_h264.html}
			\last}
}

@misc{stern,
	author = {Grünwald, Esme},
	title = {Glossar: *},
	howpublished =
	{\url{http://highoncliches.wordpress.com/glossar/\#stern}
			\last}
}

% http://femgeeks.de/glossar/#gender-sternchen
% https://junge-piraten.de/die-jungen-piraten/warum-wir-gendern/

@misc{asterisk,
  author = {{Vaden Health Center}},
  title = {Glossary of {T}ransgender {T}erms},
  howpublished = {\url{http://vaden.stanford.edu/health_library/transgendertermsglossary.html} \last}
}

@misc{biovegan,
	author = {{Biologisch-Veganes Netzwerk}},
	title = {Biovegan},
	howpublished = {\url{http://biovegan.org/} (01.02.2013)}
}

@misc{freegan,
	author = {{Freegan.info}},
	title = {Freegan},
	howpublished = {\url{http://freegan.info/} \last}
}

@misc{vebu:anzahl,
	author = {{Vegetarierbund Deutschland}},
	title = {Anzahl der {V}egetarier in {D}eutschland},
	howpublished =
	{\url{http://vebu.de/lifestyle/anzahl-der-vegetarierinnen}
			\last}
}

@misc{earthlings,
	author = {Earthlings},
	title = {Earthlings},
	howpublished =
	{\url{http://earthlings.de/} \last}
}

@misc{ada,
	author = {{Academy of Nutrition and Dietetics}},
	title = {Vegetarian {D}iets},
	howpublished =
	{\url{http://www.eatright.org/about/content.aspx?id=8357}
			\last}
}

@misc{dge,
	author = {{Deutsche Gesellschaft für Ernährung e.\,V.}},
	title = {Vegane {E}rnährung: {N}ährstoffversorgung und
			{G}esundheitsrisiken im {S}äuglings- und {K}indesalter},
	howpublished =
	{\url{http://www.dge.de/modules.php?name=News&file=article&sid=1130} \last}
}

@misc{vebu:schwangere,
	author = {{Vegetarierbund Deutschland}},
	title = {Vegetarische Ernährung in der Schwangerschaft},
	howpublished =
	{\url{http://www.vebu.de/gesundheit/schwangere} \last}
}

@misc{vebu:stillende,
	author = {{Vegetarierbund Deutschland}},
	title = {Vegetarische Ernährung während der Stillzeit},
	howpublished =
	{\url{http://www.vebu.de/gesundheit/stillende} \last}
}

@misc{vebu:saeuglingekleinkinder,
	author = {{Vegetarierbund Deutschland}},
	title = {Vegetarische Ernährung bei Säuglingen und Kleinkindern},
	howpublished =
	{\url{http://www.vebu.de/gesundheit/saeuglingekleinkinder} \last}
}

@misc{vebu:kinderjugendliche,
	author = {{Vegetarierbund Deutschland}},
	title = {Vegetarische Ernährung bei Kindern und Jugendlichen},
	howpublished =
	{\url{http://www.vebu.de/gesundheit/kinderjugendliche} \last}
}

@misc{vegan:umwelt,
	author = {{Vegan.eu}},
	title = {Vegan schützt die Umwelt},
	howpublished =
	{\url{http://www.vegan.eu/index.php/meldung-komplett/items/vegan_umwelt.html}
	\last}
}

@misc{wiki:zivilisationskrankheit,
	author = {Wikipedia},
	title = {Zivilisationskrankheit},
	howpublished =
	{\url{https://de.wikipedia.org/wiki/Zivilisationskrankheit}
	\last}
}

@misc{peta:milchundkrebs,
	author = {{People for the Ethical Treatment of Animals (PETA)}},
	title = {Warum Milch das Krebsrisiko steigert},
	howpublished =
	{\url{http://www.peta.de/web/milchundkrebs.6269.html} \last}
}

@misc{irl,
	author = {DFKI},
	title = {Innovative {R}etail {L}aboratory},
	howpublished = {\url{http://www.innovative-retail.de/} \last}
}

@misc{irl:partner,
	author = {DFKI},
	title = {Gründungspartner},
	howpublished =
	{\url{http://www.innovative-retail.de/index.php?id=40} \last}
}

@misc{irl:artikelfinder,
	author = {DFKI},
	title = {Artikelfinder},
	howpublished =
	{\url{http://www.innovative-retail.de/index.php?id=57} \last}
}

@misc{gs1,
	author = {GS1},
	title = {G{S}1},
	howpublished = {\url{http://www.gs1.org/about/overview} \last}
}

@misc{gs1:prefixlist,
	author = {GS1},
	title = {Prefix {L}ist},
	howpublished =
	{\url{http://www.gs1.org/barcodes/support/prefix_list} \last}
}

@misc{gs1:gepir,
	author = {GS1},
	title = {{GEPIR}},
	howpublished =
	{\url{http://www.gepir.de/v31_client/gtin.aspx?Lang=de-DE}
			\last}
}

@misc{opengtindb,
	author = {Pfeiffer, Michael},
	title = {Open {EAN}/{GTIN} {D}atabase},
	howpublished = {\url{http://www.opengtindb.org/} \last}
}

@misc{zxing,
	author = {Owen, Sean and Switkin, Daniel},
	title = {Z{X}ing},
	howpublished = {\url{https://code.google.com/p/zxing/} \last}
}

@misc{tesseract,
	author = {Smith, Ray},
	title = {Tesseract},
	howpublished = {\url{https://code.google.com/p/tesseract-ocr/}
			\last}
}

@misc{adobe:phonegap:about,
	author = {Adobe},
	title = {Phone{G}ap: {A}bout},
	howpublished = {\url{http://phonegap.com/about/} \last}
}

@misc{adobe:phonegap:features,
	author = {Adobe},
	title = {Phone{G}ap: {S}upported {F}eatures},
	howpublished = {\url{http://phonegap.com/about/feature/} \last}
}

@misc{adobe:phonegap:diagram,
	author = {{Adobe / Yohei Shimomae (admin@phonegap.com), CC BY-NC 3.0}},
	title = {Diagram - {P}hone{G}ap {O}verview},
	howpublished = {\url{http://phonegap.com/about/artwork/} \last}
}

@misc{fb:login,
	author = {Facebook},
	title = {Facebook {L}ogin},
	howpublished =
	{\url{https://developers.facebook.com/docs/concepts/login/} \last}
}

@misc{google:oauth,
	author = {Google},
	title = {Google+ {S}ign-{I}n},
	howpublished =
	{\url{https://developers.google.com/+/features/sign-in} \last}
}

@misc{barcoo:about,
	author = {{checkitmobile GmbH}},
	title = {Was ist barcoo?},
	howpublished = {\url{http://www.barcoo.com/blog/ueber/} \last}
}

@misc{barcoo:sources,
	author = {{checkitmobile GmbH}},
	title = {Quellen \& {P}artner},
	howpublished = {\url{http://www.barcoo.com/de/w/sources} \last}
}

@misc{barcoo:api,
	author = {{checkitmobile GmbH}},
	title = {{API}-{Z}ugang},
	howpublished = {\url{http://www.barcoo.com/de/w/api-zugang} \last}
}
@misc{barcoo:vegan,
	author = {{checkitmobile GmbH}},
	title = {Vegane {P}rodukte bei barcoo mit {R}ezeptefuchs erkennen},
	howpublished =
	{\url{http://www.barcoo.com/blog/2009/08/27/vegane-produkte-bei-barcoo-mit-rezeptefuchs-erkennen/}
	\last}
}

@misc{barcoo:app,
	author = {{checkitmobile GmbH}},
	title = {Barcode {S}canner \& {QR} {C}ode {R}eader {D}ownload},
	howpublished =
	{\url{http://www.barcoo.com/barcode-scanner-qr-code-reader-download} \last}
}

@misc{barcoo:categories,
	author = {{checkitmobile GmbH}},
	title = "Alle {K}ategorien",
	howpublished = "\url{http://www.barcoo.com/alle-kategorien} \last"
}

@misc{mynetfair,
	author = {{mynetfair AG}},
	title = {Über mynetfair},
	howpublished =
	{\url{http://www.mynetfair.com/de/content/Ueber-mynetfair,5/?1=1} \last}
}

@misc{ecoinform,
	author = {{ecoinform e.K.}},
	title = {Über uns},
	howpublished = {\url{http://ecoinform.de/#!Ueber_uns.14.html} \last}
}

@misc{rezeptefuchs,
	author = {{Clasoft GmbH}},
	title = {Wir über uns},
	howpublished =
	{\url{http://www.rezeptefuchs.de/Kontakt/wir_ueber_uns} \last}
}

@misc{wikifood,
	author = {{Centre de Recherche Public Henri Tudor}},
	title = {Wiki{F}ood},
	howpublished =
	{\url{https://www.wikifood.eu/wikifood/en/struts/welcome.do} \last}
}

@misc{wikifood:app,
	author = {{Centre de Recherche Public Henri Tudor}},
	title = {Android {W}iki{F}ood {A}pp now available on {G}oogle
			{P}lay™ {S}tore},
	howpublished =
	{\url{http://www.wikifood.eu/wikifood/en/struts/welcome.do} \last}
}

@misc{menssana,
	author = {{Centre de Recherche Public Henri Tudor}},
	title = {{MENSSANA}},
	howpublished = {\url{http://santec.tudor.lu/project/menssana} \last}
}

@misc{did:hilfe,
	author = {{snoopmedia GmbH}},
	title = {Häufig gestellte Fragen ({FAQ}s)},
	howpublished = {\url{http://das-ist-drin.de/hilfe/} \last}
}

@misc{did:did,
	author = {{snoopmedia GmbH}},
	title = {Was ist "das-ist-drin"?},
	howpublished = {\url{http://das-ist-drin.de/ueber-uns/was-ist-das-ist-drin.de/} \last}
}

@misc{did:app,
	author = {{snoopmedia GmbH}},
	title = {Mobil},
	howpublished = {\url{http://das-ist-drin.de/mobil/} \last}
}

@misc{maqi:inquiry,
	author = {{Tierrechtsinitiative Maqi}},
	title = {Produktanfragen - {A}nfragebaukasten},
	howpublished =
	{\url{http://maqi.de/txt/produktanfragen.html#anfragebaukasten} \last}
}

@misc{maqi:categories,
	author = {{Tierrechtsinitiative Maqi}},
	title = {Kategorien},
	howpublished =
	{\url{http://maqi.de/txt/produktanfragen.html#kategorien} \last}
}

@misc{maqi:vegan,
	author = {{Tierrechtsinitiative Maqi}},
	title = {Was heißt vegan?},
	howpublished = {\url{http://tierrechtskochbuch.de/vegan/vegan.html} \last}
}

@misc{phonegap:storage,
	author = {Adobe},
	title = {Phone{G}ap: {S}torage},
	howpublished =
	{\url{http://docs.phonegap.com/en/1.1.0/phonegap_storage_storage.md.html}
	\last}
}

@misc{rails,
	author = {{Rails core team}},
	title = {Ruby on {R}ails},
	howpublished = {\url{http://rubyonrails.org/} \last}
}

@misc{postgresql:about,
	author = {{The PostgreSQL Global Development Group}},
	title = {Postgre{SQL}: {A}bout},
	howpublished = {\url{http://www.postgresql.org/about/} \last}
}

@misc{wiki:webframework,
	author = {Wikipedia},
	title = {Comparison of web application frameworks},
	howpublished =
	{\url{http://en.wikipedia.org/wiki/Comparison_of_web_application_frameworks}
			\last}
}

@misc{wiki:rdbms,
	author = {Wikipedia},
	title = {Comparison of relational database management
			systems},
	howpublished =
	{\url{https://en.wikipedia.org/wiki/Comparison_of_relational_database_management_systems}
	\last}
}

@misc{wiki:mobile,
	author = {Wikipedia},
	title = {Comparison of mobile operating systems},
	howpublished =
	{\url{https://en.wikipedia.org/wiki/Comparison_of_mobile_operating_systems} \last}
}

@misc{bfr:aroma,
	author = {{Bundesinstitut für Risikobewertung}},
	title = {Aromastoffe und {A}romen},
	howpublished =
	{\url{http://www.bfr.bund.de/de/aromastoffe_und_aromen-54440.html} \last}
}

	%author = {{aid infodienst}},
@misc{aid,
	author = {{aid infodienst Ernährung, Landwirtschaft,
			Verbraucherschutz e.\,V. (aid)}},
	title = {Zusatzstoffe nach ihren {E}-{N}ummern},
	howpublished =
	{\url{http://www.aid.de/verbraucher/zusatzstoffe_kennzeichnung.php}
	\last,
			\url{http://www.aid.de/downloads/1135_2013_zusatzstoffe_liste.pdf}
	\last}
}

@misc{ccc:hackerethics,
	author = {CCC},
	title = {Hackerethics},
	howpublished = {\url{http://www.ccc.de/hackerethics} \last}
}

% http://eur-lex.europa.eu/LexUriServ/LexUriServ.do?uri=CELEX:32011R1169:DE:NOT
@misc{bmelv:allergene,
	author = {{Bundesministerium für Ernährung, Landwirtschaft und
			Verbraucherschutz}},
	title = {Allergenkennzeichnung auf verpackten {L}ebensmitteln ist
			{P}flicht},
	howpublished =
	{\url{http://www.bmelv.de/SharedDocs/Standardartikel/Ernaehrung/SichereLebensmittel/Kennzeichnung/Allergenkennzeichnung.html} \last}
}

@misc{p2p,
	author = {{Peer-to-Peer Framework}},
	title = {Das {P2P}-{R}ahmenwerk für soziale {N}etzwerke},
	howpublished = {\url{http://p2pframework.com/} \last}
}

% http://www.omniauth.org/

@misc{umtl,
	author = {{Ubiquitous Media Technology Lab}},
	title = {Ubiquitous {M}edia {T}echnology {L}ab},
	howpublished = {\url{http://umtl.cs.uni-saarland.de/} \last}
}

@misc{dfki,
	author = {DFKI},
	title = {Intelligente {L}ösungen für die {W}issensgesellschaft},
	howpublished = {\url{http://www.dfki.de/web} \last}
}

@misc{globus,
	author = {{Globus SB-Warenhaus Holding GmbH \& Co. KG}},
	title = {Globus},
	howpublished = {\url{http://www.globus.de}, \last}
}

@misc{globus:drive,
	author = {{Globus SB-Warenhaus Holding GmbH \& Co. KG}},
	title = {Was ist {G}lobus {D}rive},
	howpublished = 
		{\url{http://www.globus-drive.de/ensdorf/Was%20Ist%20Globus%20Drive}
		\last}
}

@misc{vlabel,
	author = {{Europäische Vegetarier-Union}},
	title = {Über das {V}-{L}abel},
	howpublished = {\url{http://v-label.info/de/home/vlabel.html}
			\last}
}

@misc{labelonline,
	author = {{Die VERBRAUCHER INITIATIVE e.\,V.}},
	title = "Label online",
	howpublished = "\url{http://www.label-online.de/} \last"
}

@misc{states,
	author = {{Auswärtiges Amt}},
	title = "Verzeichnis der {S}taatennamen für den amtlichen {G}ebrauch in der
	{B}undesrepublik {D}eutschland",
	howpublished =
			"\url{http://www.auswaertiges-amt.de/cae/servlet/contentblob/332368/publicationFile/182074/Staatennamen.pdf}
\last"
}

@misc{trafficlight,
	author = {{Food Standards Agency}},
	title = "Front of {P}ack {T}raffic {L}ight {S}ignpost {L}abelling
			-- {T}echnical {G}uidance",
	note = "pages 6\,--\,7",
	howpublished =
			"\url{http://www.food.gov.uk/multimedia/pdfs/frontofpackguidance2.pdf}
\last"
}

@misc{gravatar,
	author = {{Automattic Inc.}},
	title = "Gravatar -- {G}lobally {R}ecognized {A}vatar",
	howpublished = "\url{https://secure.gravatar.com/} \last"
}

@misc{nodejs,
	author = {{Joyent, Inc.}},
	title = "node.js",
	howpublished = "\url{http://nodejs.org/} \last"
}

@misc{bvl:inci,
  author = {{Bundesamt für Verbraucherschutz und Lebensmittelsicherheit}},
  title = "Kennzeichnung kosmetischer {P}rodukte",
  howpublished = "\url{http://www.bvl.bund.de/DE/03_Bedarfsgegenstaende/02_Verbraucher/03_Kosmetik/02_KennzeichnungKosmetik/bgs_kosmetik_kennzeichnung_node.html} \last"
}

@misc{google:blockly,
	author = {{Google Project Hosting}},
	title = {blockly - {A} visual programming editor},
	howpublished = "\url{https://code.google.com/p/blockly/} \last"
}

@misc{memrise,
  author = {{Memrise Ltd}},
  title = {About},
  howpublished = "\url{http://www.memrise.com/about/} \last"
}

@misc{duolingo,
  author = {{Duolingo}},
  title = {{Duolingo: Info}},
  howpublished = "\url{https://duolingo.com/info} \last"
}

@misc{stackexchange,
  author = {{stack exchange, inc}},
  title = {About},
  howpublished = "\url{https://stackexchange.com/about} \last"
}
